<record><leader>00000cas a22000007a 4500</leader><controlfield tag="001">26230063</controlfield><controlfield tag="008">920721u1919uuuunyuwr ne      0    0eng d</controlfield><controlfield tag="009">550</controlfield><datafield ind1=" " ind2=" " tag="010"><subfield code="a">sn 92062037 </subfield></datafield><datafield ind1=" " ind2=" " tag="040"><subfield code="a">NYS</subfield><subfield code="b">eng</subfield><subfield code="c">NYS</subfield><subfield code="d">OCLCQ</subfield></datafield><datafield ind1="1" ind2=" " tag="029"><subfield code="a">AU@</subfield><subfield code="b">000020706553</subfield></datafield><datafield ind1=" " ind2=" " tag="042"><subfield code="a">msc</subfield></datafield><datafield ind1="0" ind2="0" tag="245"><subfield code="a">Salamanca inquirer.</subfield></datafield><datafield ind1="3" ind2="0" tag="246"><subfield code="a">Salamanca Saturday inquirer</subfield></datafield><datafield ind1=" " ind2=" " tag="260"><subfield code="a">Salamanca, N.Y. :</subfield><subfield code="b">Leach Pub. Co.</subfield></datafield><datafield ind1=" " ind2=" " tag="300"><subfield code="a">v.</subfield></datafield><datafield ind1=" " ind2=" " tag="310"><subfield code="a">Weekly</subfield></datafield><datafield ind1="0" ind2=" " tag="362"><subfield code="a">Vol. 1, no. 1 (May 30, 1919)-</subfield></datafield><datafield ind1=" " ind2=" " tag="500"><subfield code="a">Published on: Friday, &lt;1919-1920&gt;; and Thursday, &lt;Jan.-Mar. 1927&gt;.</subfield></datafield><datafield ind1=" " ind2=" " tag="500"><subfield code="a">Occasionally published on Saturday with title: Salamanca Saturday inquirer, 1920-&lt;1921&gt;.</subfield></datafield><datafield ind1=" " ind2="4" tag="651"><subfield code="a">Salamanca (N.Y.)</subfield><subfield code="v">Newspapers.</subfield></datafield><datafield ind1=" " ind2=" " tag="752"><subfield code="a">United States</subfield><subfield code="b">New York</subfield><subfield code="c">Cattaraugus</subfield><subfield code="d">Salamanca.</subfield></datafield></record>